<?xml version="1.0" encoding="UTF-8"?><collection xmlns="http://www.loc.gov/MARC21/slim"><record><leader>00675nam--2200193-i-4500</leader><controlfield tag="001">000049406</controlfield><controlfield tag="002">20161230</controlfield><controlfield tag="005">20161230201047</controlfield><controlfield tag="008">060222s1000------------r-----000-0-eng-d</controlfield><datafield ind1=" " ind2=" " tag="020"><subfield code="a">9971966980</subfield></datafield><datafield ind1=" " ind2=" " tag="040"><subfield code="a">IFIN-HH</subfield></datafield><datafield ind1=" " ind2=" " tag="080"><subfield code="a">539.144:539.171/.172(061.2)</subfield></datafield><datafield ind1="1" ind2=" " tag="100"><subfield code="a">Machner, H /S.A.</subfield></datafield><datafield ind1="1" ind2="0" tag="245"><subfield code="a">Coincident particle emission from continnum states in nuclei</subfield><subfield code="b">Proceedings of the workshop on coincident particle emission from continnum states in nuclei, bad honnef 4-7 june 1984</subfield><subfield code="c">H. machner, p. jahn (eds.)</subfield></datafield><datafield ind1=" " ind2=" " tag="260"><subfield code="a">Singapore</subfield><subfield code="b">World Scientific</subfield><subfield code="c">1984</subfield></datafield><datafield ind1=" " ind2=" " tag="300"><subfield code="a">XIII + 628P</subfield></datafield><datafield ind1="1" ind2=" " tag="700"><subfield code="a">Jahn, P</subfield><subfield code="e">Ed</subfield></datafield><datafield ind1=" " ind2=" " tag="852"><subfield code="a">73873</subfield><subfield code="c">539.14</subfield></datafield><datafield ind1=" " ind2=" " tag="CAT"><subfield code="a">Sys</subfield><subfield code="c">20120405</subfield><subfield code="h">114226</subfield></datafield></record></collection>